<record><leader>00000cas a2200000 a 4500</leader><controlfield tag="001">54980073</controlfield><controlfield tag="008">040419c19uu9999cauwr ne      0    0heboc</controlfield><datafield ind1=" " ind2=" " tag="010"><subfield code="a">  2004222910</subfield></datafield><datafield ind1=" " ind2=" " tag="040"><subfield code="a">CLU</subfield><subfield code="b">eng</subfield><subfield code="c">CLU</subfield><subfield code="d">OCLCQ</subfield><subfield code="d">OCLCF</subfield><subfield code="d">OCLCO</subfield></datafield><datafield ind1="1" ind2=" " tag="029"><subfield code="a">AU@</subfield><subfield code="b">000025482995</subfield></datafield><datafield ind1=" " ind2=" " tag="042"><subfield code="a">pcc</subfield></datafield><datafield ind1=" " ind2=" " tag="043"><subfield code="a">n-us-ca</subfield></datafield><datafield ind1="0" ind2="0" tag="245"><subfield code="a">Yedi&#699;ot Amerik&#803;ah.</subfield></datafield><datafield ind1="1" ind2=" " tag="246"><subfield code="i">Title from masthead:</subfield><subfield code="a">Yedioth ahronoth west coast</subfield></datafield><datafield ind1="1" ind2="7" tag="246"><subfield code="a">Yedi&#699;ot Amerik&#803;ah ha-h&#803;of ha-ma&#699;aravi</subfield></datafield><datafield ind1=" " ind2=" " tag="250"><subfield code="a">ha-H&#803;of ha-ma&#699;aravi.</subfield></datafield><datafield ind1=" " ind2=" " tag="260"><subfield code="a">Tarzana, CA :</subfield><subfield code="b">Yedi&#699;ot Ah&#803;aronot</subfield></datafield><datafield ind1=" " ind2=" " tag="300"><subfield code="a">v. :</subfield><subfield code="b">ill. ;</subfield><subfield code="c">42 cm.</subfield></datafield><datafield ind1=" " ind2=" " tag="310"><subfield code="a">Weekly</subfield></datafield><datafield ind1=" " ind2=" " tag="588"><subfield code="a">Description based on: Gil. mis. 117 (6.21.2002).</subfield></datafield><datafield ind1=" " ind2=" " tag="588"><subfield code="a">Latest issue consulted: Gol. mis. 205 (2.25.2004).</subfield></datafield><datafield ind1=" " ind2="0" tag="650"><subfield code="a">Israelis</subfield><subfield code="z">California</subfield><subfield code="z">Los Angeles</subfield><subfield code="v">Newspapers.</subfield></datafield><datafield ind1=" " ind2="0" tag="651"><subfield code="a">Tarzana (Los Angeles, Calif.)</subfield><subfield code="v">Newspapers.</subfield></datafield><datafield ind1=" " ind2="7" tag="655"><subfield code="a">Newspapers.</subfield><subfield code="2">fast</subfield><subfield code="0">(OCoLC)fst01423814</subfield></datafield><datafield ind1=" " ind2="7" tag="650"><subfield code="a">Israelis.</subfield><subfield code="2">fast</subfield><subfield code="0">(OCoLC)fst00980357</subfield></datafield><datafield ind1=" " ind2="7" tag="651"><subfield code="a">California</subfield><subfield code="z">Los Angeles.</subfield><subfield code="2">fast</subfield><subfield code="0">(OCoLC)fst01204540</subfield></datafield><datafield ind1=" " ind2="7" tag="651"><subfield code="a">California</subfield><subfield code="z">Los Angeles</subfield><subfield code="z">Tarzana.</subfield><subfield code="2">fast</subfield><subfield code="0">(OCoLC)fst01314582</subfield></datafield><datafield ind1="0" ind2=" " tag="730"><subfield code="a">Yedi&#699;ot ah&#803;aronot (Tel Aviv, Israel)</subfield></datafield><datafield ind1=" " ind2=" " tag="752"><subfield code="a">United States</subfield><subfield code="b">California</subfield><subfield code="c">Los Angeles</subfield><subfield code="d">Los Angeles.</subfield></datafield></record>